@article{lindorff2010improved,
  title={Improved side-chain torsion potentials for the Amber ff99SB protein force field},
  author={Lindorff-Larsen, Kresten and Piana, Stefano and Palmo, Kim and Maragakis, Paul and Klepeis, John L and Dror, Ron O and Shaw, David E},
  journal={Proteins: Structure, Function, and Bioinformatics},
  volume={78},
  number={8},
  pages={1950--1958},
  year={2010},
  publisher={Wiley Online Library}
}


@article{mdtraj2014,
  title={{MDTraj}: a modern, open library for the analysis of molecular dynamics trajectories},
  author={McGibbon, R. T., and [...], and Pande, V. S. },
  journal={Submitted},
  year={2014},
}



@article{openmm2012,
  title={{OpenMM} 4: A Reusable, Extensible, Hardware Independent Library for High Performance Molecular Simulation},
  author={Eastman, P. and [...] and Pande, V.S.},
  Journal={Journal of Chemical Theory and Computation},
  year={2012},
}


@article{beauchamp2011msmbuilder2,
  title={{MSMBuilder2}: Modeling conformational dynamics at the picosecond to millisecond scale},
  author={Beauchamp, K. A. and Bowman, G.R. and Lane, T.J. and Maibaum, L. and Haque, I.S. and Pande, V.S.},
  Journal={Journal of Chemical Theory and Computation},
  year={2011},
  publisher={ACS Publications}
}


@article{bowman2009progress,
  title={Progress and challenges in the automated construction of Markov state models for full protein systems},
  author={Bowman, G.R. and Beauchamp, K. A. and Boxer, G. and Pande, V.S.},
  Journal={The Journal of chemical physics},
  volume={131},
  pages={124101},
  year={2009}
}



@article{schwantes2013improvements,
  title={Improvements in Markov state model construction reveal many non-native interactions in the folding of NTL9},
  author={Schwantes, Christian R and Pande, Vijay S},
  journal={Journal of chemical theory and computation},
  volume={9},
  number={4},
  pages={2000--2009},
  year={2013},
  publisher={American Chemical Society}
}

@article{perez2013identification,
  title={Identification of slow molecular order parameters for Markov model construction},
  author={Perez-Hernandez, Guillermo and Paul, Fabian and Giorgino, Toni and De Fabritiis, Gianni and No{\'e}, Frank},
  journal={The Journal of chemical physics},
  volume={139},
  number={1},
  pages={015102},
  year={2013},
  publisher={AIP Publishing}
}
